Date,GL Date,Type,Trx Number,Order Number,Amount of INV/DM/CM/PMT,Balance
12,1/3/2021,Invoice,90201138,,"110,167.44","110,167.44"
12,1/3/2021,Invoice,90201140,,"132,756.00","242,923.44"
12,1/3/2021,Invoice,90201164,,"170,430.00","413,353.44"
01,1/3/2021,Invoice,90205347,,"56,221.20","469,574.64"
01,1/3/2021,Invoice,90205634,,"56,221.20","525,795.84"
01,1/3/2021,Invoice,90210156,,"57,960.00","583,755.84"
01,1/3/2021,Invoice,90210689,,"67,275.00","651,030.84"
01,1/3/2021,Invoice,90210763,,"57,960.00","708,990.84"
01,1/3/2021,Invoice,90210769,,"57,960.00","766,950.84"
02,1/3/2021,Invoice,90215973,,"23,986.70","790,937.54"
02,1/3/2021,Invoice,90215993,,"69,563.50","860,501.04"
02,1/3/2021,Invoice,90216036,,"147,108.00","1,007,609.04"
02,1/3/2021,Invoice,90216080,,"209,331.63","1,216,940.67"
02,1/3/2021,Invoice,90216154,,"59,698.80","1,276,639.47"
02,1/3/2021,Invoice,90216158,,"59,698.80","1,336,338.27"
02,1/3/2021,Invoice,90216178,,"59,698.80","1,396,037.07"
02,1/3/2021,Invoice,90216254,,"67,045.00","1,463,082.07"
02,1/3/2021,Invoice,90216415,,"59,698.80","1,522,780.87"
02,19/12/2020,Credit Memo,2019388,,"-14,950.00","1,507,830.87"
02,19/12/2020,Credit Memo,2019483,,"-3,477.60","1,504,353.27"
02,19/12/2020,Credit Memo,2019661,,"-21,990.35","1,482,362.92"
02,1/3/2021,Invoice,90217658,,"190,440.00","1,672,802.92"
02,1/3/2021,Invoice,90217800,,"124,200.00","1,797,002.92"
03,6/3/2021,Payment,132127,,"-20,000.00","1,777,002.92"
03,18/03/2021,Payment,132143,,"-10,000.00","1,767,002.92"
03,31/03/2021,Invoice,90222507,,"153,794.65","1,920,797.57"
03,19/12/2020,Credit Memo,2006135,,"-6,394.00","1,914,403.57"
03,21/03/2021,Payment,132144,,"-10,000.00","1,904,403.57"
03,21/03/2021,Payment,132146,,"-10,000.00","1,894,403.57"
03,19/12/2020,Credit Memo,2006331,,"-22,985.33","1,871,418.24"
03,23/03/2021,Invoice,90223501,3712713,"69,575.00","1,940,993.24"
03,23/03/2021,Payment,132149,,"-10,000.00","1,930,993.24"
03,19/12/2020,Credit Memo,2006654,,"-13,317.00","1,917,676.24"
03,28/03/2021,Payment,132154,,"-10,000.00","1,907,676.24"
03,28/03/2021,Payment,132156,,"-10,000.00","1,897,676.24"
03,19/12/2020,Credit Memo,2006804,,"-14,948.85","1,882,727.39"
03,30/03/2021,Payment,132159,,"-10,000.00","1,872,727.39"
03,30/03/2021,Payment,132165,,"-10,000.00","1,862,727.39"
03,31/03/2021,Payment,132169,,"-10,000.00","1,852,727.39"
03,31/03/2021,Payment,132174,,"-75,000.00","1,777,727.39"
03,31/03/2021,Payment,132175,,"-50,000.00","1,727,727.39"
03,31/03/2021,Payment,132430,,"-155,000.00","1,572,727.39"
04,4/4/2021,Payment,132436,,"-10,000.00","1,562,727.39"
04,4/4/2021,Payment,132437,,"-20,000.00","1,542,727.39"
04,4/4/2021,Payment,132438,,"-10,000.00","1,532,727.39"
04,5/4/2021,Payment,132439,,"-29,000.00","1,503,727.39"
04,6/4/2021,Invoice,90226384,3713691,"69,575.00","1,573,302.39"
04,6/4/2021,Invoice,90226433,3713692,"69,575.00","1,642,877.39"
04,6/4/2021,Invoice,90226437,3713693,"64,515.00","1,707,392.39"
04,6/4/2021,Payment,132440,,"-10,000.00","1,697,392.39"
04,6/4/2021,Payment,132441,,"-10,000.00","1,687,392.39"
04,7/4/2021,Payment,132442,,"-40,000.00","1,647,392.39"
04,8/4/2021,Payment,132444,,"-50,000.00","1,597,392.39"
04,8/4/2021,Payment,132445,,"-20,000.00","1,577,392.39"
04,10/4/2021,Invoice,90227021,3713690,"69,575.00","1,646,967.39"
04,12/4/2021,Payment,132446,,"-30,000.00","1,616,967.39"
04,12/4/2021,Payment,132447,,"-50,000.00","1,566,967.39"
04,12/4/2021,Payment,132448,,"-50,000.00","1,516,967.39"
04,12/4/2021,Payment,51752,,"-30,000.00","1,486,967.39"
04,13/04/2021,Payment,132450,,"-10,000.00","1,476,967.39"
04,13/04/2021,Payment,51753,,"-10,000.00","1,466,967.39"
04,13/04/2021,Payment,51760,,"-10,000.00","1,456,967.39"
04,14/04/2021,Payment,51764,,"-10,000.00","1,446,967.39"
04,15/04/2021,Invoice,90228214,3722809,"58,539.60","1,505,506.99"
04,15/04/2021,Invoice,90228241,3722808,"58,539.60","1,564,046.59"
04,15/04/2021,Payment,51767,,"-10,000.00","1,554,046.59"
04,16/04/2021,Invoice,33017969,3722908,"210,578.55","1,764,625.14"
04,18/04/2021,Payment,51771,,"-10,000.00","1,754,625.14"
04,18/04/2021,Payment,51773,,"-10,000.00","1,744,625.14"
04,19/04/2021,Payment,51778,,"-10,000.00","1,734,625.14"
04,20/04/2021,Invoice,33018250,3721243,"195,688.31","1,930,313.45"
04,21/04/2021,Payment,51782,,"-10,000.00","1,920,313.45"
04,22/04/2021,Invoice,33018428,3722904,"200,330.00","2,120,643.45"
04,22/04/2021,Invoice,90229322,3713431,"64,515.00","2,185,158.45"
04,22/04/2021,Payment,51787,,"-10,000.00","2,175,158.45"
04,23/04/2021,Invoice,33018576,3722905,"148,902.00","2,324,060.45"
04,26/04/2021,Payment,51794,,"-10,000.00","2,314,060.45"
04,27/04/2021,Payment,51798,,"-10,000.00","2,304,060.45"
04,28/04/2021,Invoice,90230266,3713689,"67,965.00","2,372,025.45"
04,28/04/2021,Payment,51827,,"-10,000.00","2,362,025.45"
04,29/04/2021,Payment,51830,,"-10,000.00","2,352,025.45"
04,30/04/2021,Payment,51835,,"-10,000.00","2,342,025.45"
04,30/04/2021,Payment,51838,,"-10,000.00","2,332,025.45"
05,5/5/2021,Payment,51839,,"-10,000.00","2,322,025.45"
05,5/5/2021,Payment,51840,,"-25,000.00","2,297,025.45"
05,9/5/2021,Payment,51849,,"-20,000.00","2,277,025.45"
05,11/5/2021,Payment,51882,,"-15,000.00","2,262,025.45"
05,18/05/2021,Payment,51885,,"-25,000.00","2,237,025.45"
05,20/02/2021,Credit Memo,2009271,,"-4,636.80","2,232,388.65"
05,19/05/2021,Payment,51887,,"-10,000.00","2,222,388.65"
05,20/05/2021,Payment,51893,,"-10,000.00","2,212,388.65"
05,23/05/2021,Payment,51902,,"-10,000.00","2,202,388.65"
05,24/05/2021,Payment,51906,,"-10,000.00","2,192,388.65"
05,25/05/2021,Payment,51914,,"-10,000.00","2,182,388.65"
05,26/05/2021,Payment,51917,,"-10,000.00","2,172,388.65"
05,27/05/2021,Payment,51922,,"-10,000.00","2,162,388.65"
05,29/05/2021,Payment,51928,,"-10,000.00","2,152,388.65"
05,25/02/2021,Credit Memo,2009708,,-92.2,"2,152,296.45"
05,30/05/2021,Payment,51937,,"-10,000.00","2,142,296.45"
05,31/05/2021,Payment,51930,,"-71,000.00","2,071,296.45"
05,31/05/2021,Payment,51940,,"-50,000.00","2,021,296.45"
05,31/05/2021,Payment,51942,,"-10,000.00","2,011,296.45"
06,3/6/2021,Payment,51953,,"-10,000.00","2,001,296.45"
06,6/6/2021,Invoice,33022690,3722903,"138,000.00","2,139,296.45"
06,6/6/2021,Payment,51959,,"-20,000.00","2,119,296.45"
06,7/6/2021,Payment,51963,,"-10,000.00","2,109,296.45"
06,8/6/2021,Payment,51966,,"-10,000.00","2,099,296.45"
06,9/6/2021,Payment,51967,,"-10,000.00","2,089,296.45"
06,10/6/2021,Payment,55026,,"-50,000.00","2,039,296.45"
06,10/6/2021,Payment,55028,,"-10,000.00","2,029,296.45"
06,13/06/2021,Payment,55030,,"-10,000.00","2,019,296.45"
06,13/06/2021,Payment,55035,,"-10,000.00","2,009,296.45"
06,14/06/2021,Payment,55038,,"-10,000.00","1,999,296.45"
06,14/06/2021,Payment,55039,,"-25,000.00","1,974,296.45"
06,16/06/2021,Payment,55045,,"-10,000.00","1,964,296.45"
06,19/06/2021,Payment,55051,,"-10,000.00","1,954,296.45"
06,20/06/2021,Payment,55054,,"-10,000.00","1,944,296.45"
06,20/06/2021,Payment,55057,,"-20,000.00","1,924,296.45"
06,22/06/2021,Payment,55062,,"-10,000.00","1,914,296.45"
06,23/06/2021,Payment,55064,,"-10,000.00","1,904,296.45"
06,26/06/2021,Payment,55071,,"-10,000.00","1,894,296.45"
06,25/02/2021,Credit Memo,2010970,,"-12,606.30","1,881,690.15"
06,27/06/2021,Payment,55082,,"-10,000.00","1,871,690.15"
06,25/02/2021,Credit Memo,2011293,,"-10,432.80","1,861,257.35"
06,25/02/2021,Credit Memo,2011325,,"-9,044.75","1,852,212.60"
06,28/06/2021,Payment,55091,,"-10,000.00","1,842,212.60"
06,25/02/2021,Credit Memo,2011608,,"-53,820.00","1,788,392.60"
06,25/02/2021,Credit Memo,2011668,,"-46,216.72","1,742,175.88"
06,16/04/2021,Credit Memo,2011689,3722908,"-6,428.50","1,735,747.38"
06,29/06/2021,Payment,55080,,"-375,000.00","1,360,747.38"
06,29/06/2021,Payment,55084,,"-515,000.00","845,747.38"
06,29/06/2021,Payment,55095,,"-10,000.00","835,747.38"
06,30/06/2021,Invoice,90238807,3732722,"72,358.00","908,105.38"
06,30/06/2021,Payment,55126,,"-10,000.00","898,105.38"
06,30/06/2021,Payment,55127,,"-10,500.00","887,605.38"
07,1/7/2021,Invoice,90238894,3732720,"62,017.20","949,622.58"
07,4/7/2021,Invoice,33025476,3733189,"13,616.00","963,238.58"
07,4/7/2021,Invoice,33025477,3733189,"10,815.75","974,054.33"
07,4/7/2021,Invoice,33025556,3732725,"149,950.80","1,124,005.13"
07,4/7/2021,Invoice,90239072,3733192,"11,423.18","1,135,428.31"
07,4/7/2021,Invoice,90239073,3733194,"4,380.47","1,139,808.78"
07,4/7/2021,Invoice,90239227,3732721,"62,017.20","1,201,825.98"
07,4/7/2021,Payment,55134,,"-10,000.00","1,191,825.98"
07,5/7/2021,Payment,55136,,"-10,000.00","1,181,825.98"
07,6/7/2021,Payment,55140,,"-10,000.00","1,171,825.98"
07,7/7/2021,Payment,55142,,"-10,000.00","1,161,825.98"
07,8/7/2021,Payment,55147,,"-10,000.00","1,151,825.98"
07,10/7/2021,Payment,55151,,"-10,000.00","1,141,825.98"
07,11/7/2021,Invoice,90240372,3732724,"71,047.00","1,212,872.98"
07,11/7/2021,Payment,55149,,"-10,000.00","1,202,872.98"
07,12/7/2021,Payment,55155,,"-10,000.00","1,192,872.98"
07,13/07/2021,Payment,55157,,"-10,000.00","1,182,872.98"
07,14/07/2021,Payment,55162,,"-10,000.00","1,172,872.98"
07,15/07/2021,Payment,55168,,"-10,000.00","1,162,872.98"
07,17/07/2021,Payment,55169,,"-10,000.00","1,152,872.98"
07,18/07/2021,Payment,55172,,"-10,000.00","1,142,872.98"
07,18/07/2021,Payment,55177,,"-10,000.00","1,132,872.98"
07,24/07/2021,Invoice,33027307,3732726,"250,901.83","1,383,774.81"
07,25/07/2021,Payment,55179,,"-10,000.00","1,373,774.81"
07,26/07/2021,Payment,55181,,"-10,000.00","1,363,774.81"
07,27/07/2021,Invoice,90242114,3732723,"62,017.20","1,425,792.01"
07,27/07/2021,Payment,55190,,"-10,000.00","1,415,792.01"
07,20/04/2021,Credit Memo,2012545,3721243,"-11,592.00","1,404,200.01"
07,28/07/2021,Payment,55194,,"-10,000.00","1,394,200.01"
07,6/6/2021,Credit Memo,2012649,3722903,"-8,413.40","1,385,786.61"
07,29/07/2021,Payment,55200,,"-50,000.00","1,335,786.61"
07,29/07/2021,Payment,55230,,"-10,000.00","1,325,786.61"
07,31/07/2021,Payment,55233,,"-10,000.00","1,315,786.61"
07,31/07/2021,Payment,55241,,"-10,000.00","1,305,786.61"
08,2/8/2021,Payment,55244,,"-10,000.00","1,295,786.61"
08,3/8/2021,Payment,55209,,"-50,000.00","1,245,786.61"
08,3/8/2021,Payment,55245,,"-10,000.00","1,235,786.61"
08,4/8/2021,Payment,55248,,"-10,000.00","1,225,786.61"
08,6/6/2021,Credit Memo,2012882,3722903,"-3,477.60","1,222,309.01"
08,5/8/2021,Payment,55222,,"-10,000.00","1,212,309.01"
08,7/8/2021,Payment,01252,,"-10,000.00","1,202,309.01"
08,8/8/2021,Payment,01256,,"-10,000.00","1,192,309.01"
08,9/8/2021,Payment,01260,,"-10,000.00","1,182,309.01"
08,10/8/2021,Payment,600897,,"-10,000.00","1,172,309.01"
08,11/8/2021,Payment,01268,,"-10,000.00","1,162,309.01"
08,12/8/2021,Payment,01270,,"-10,000.00","1,152,309.01"
08,14/08/2021,Payment,01701,,"-10,000.00","1,142,309.01"
08,15/08/2021,Payment,01703,,"-10,000.00","1,132,309.01"
08,16/08/2021,Payment,01708,,"-10,000.00","1,122,309.01"
08,6/6/2021,Credit Memo,2013211,3722903,"-6,647.00","1,115,662.01"
08,17/08/2021,Payment,01716,,"-15,000.00","1,100,662.01"
08,17/08/2021,Payment,01717,,"-10,000.00","1,090,662.01"
08,18/08/2021,Payment,01710,,"-10,000.00","1,080,662.01"
08,18/08/2021,Payment,01715,,"-75,000.00","1,005,662.01"
08,18/08/2021,Payment,01718,,"-50,000.00","955,662.01"
08,18/08/2021,Payment,01721,,"-76,000.00","879,662.01"
08,19/08/2021,Invoice,33030231,3743909,"132,148.80","1,011,810.81"
08,19/08/2021,Invoice,33030251,3743861,"14,697.00","1,026,507.81"
08,19/08/2021,Invoice,90245712,3743936,"5,393.50","1,031,901.31"
08,19/08/2021,Invoice,90245717,3743911,"73,956.50","1,105,857.81"
08,21/08/2021,Invoice,90245793,3738918,"62,017.20","1,167,875.01"
08,21/08/2021,Invoice,90245853,3739309,"73,749.50","1,241,624.51"
08,22/08/2021,Invoice,33030384,3743935,"16,718.13","1,258,342.64"
08,24/08/2021,Invoice,33030765,3739277,"216,027.50","1,474,370.14"
08,25/08/2021,Invoice,90246636,3743910,"77,924.00","1,552,294.14"
08,28/08/2021,Invoice,33031359,3732728,"33,235.00","1,585,529.14"
08,28/08/2021,Invoice,33031361,3732728,"95,187.80","1,680,716.94"
08,28/08/2021,Invoice,33031362,3732728,"39,617.50","1,720,334.44"
08,28/08/2021,Invoice,90247063,3738917,"62,017.20","1,782,351.64"
08,29/08/2021,Payment,01654,,"-10,000.00","1,772,351.64"
08,30/08/2021,Invoice,33031819,3743912,"80,354.59","1,852,706.23"
08,30/08/2021,Invoice,33031820,3743912,"113,717.75","1,966,423.98"
08,30/08/2021,Payment,01661,,"-10,000.00","1,956,423.98"
08,30/08/2021,Credit Memo,2014381,3743912,"-3,826.63","1,952,597.35"
08,31/08/2021,Payment,01664,,"-50,000.00","1,902,597.35"
08,31/08/2021,Payment,01669,,"-20,000.00","1,882,597.35"
08,31/08/2021,Payment,01671,,"-48,000.00","1,834,597.35"
09,2/9/2021,Payment,01601,,"-10,000.00","1,824,597.35"
09,5/9/2021,Payment,01603,,"-20,000.00","1,804,597.35"
09,7/9/2021,Payment,01607,,"-10,000.00","1,794,597.35"
09,11/9/2021,Payment,01612,,"-10,000.00","1,784,597.35"
09,11/9/2021,Payment,01613,,"-10,000.00","1,774,597.35"
09,11/9/2021,Payment,01615,,"-10,000.00","1,764,597.35"
09,4/7/2021,Credit Memo,2014674,3732725,"-2,760.00","1,761,837.35"
09,14/09/2021,Payment,01617,,"-10,000.00","1,751,837.35"
09,14/09/2021,Payment,01619,,"-10,000.00","1,741,837.35"
09,15/09/2021,Payment,01624,,"-10,000.00","1,731,837.35"
09,16/09/2021,Payment,01625,,"-10,000.00","1,721,837.35"
09,19/09/2021,Payment,01280,,"-10,000.00","1,711,837.35"
09,19/09/2021,Payment,01282,,"-10,000.00","1,701,837.35"
09,20/09/2021,Payment,01285,,"-10,000.00","1,691,837.35"
09,21/09/2021,Payment,01292,,"-10,000.00","1,681,837.35"
09,22/09/2021,Payment,01298,,"-10,000.00","1,671,837.35"
09,23/09/2021,Invoice,90251103,3746869,"80,707.00","1,752,544.35"
09,25/09/2021,Invoice,90251236,3746870,"77,383.50","1,829,927.85"
09,25/09/2021,Payment,01552,,"-10,000.00","1,819,927.85"
09,26/09/2021,Payment,01558,,"-10,000.00","1,809,927.85"
09,27/09/2021,Invoice,90251625,3746871,"66,654.00","1,876,581.85"
09,27/09/2021,Payment,01570,,"-15,000.00","1,861,581.85"
09,4/7/2021,Credit Memo,2015326,3732725,"-15,624.33","1,845,957.52"
09,28/09/2021,Payment,01303,,"-15,000.00","1,830,957.52"
09,29/09/2021,Payment,01305,,"-50,000.00","1,780,957.52"
09,29/09/2021,Payment,01314,,"-50,000.00","1,730,957.52"
09,30/09/2021,Invoice,90252364,3746873,"66,654.00","1,797,611.52"
09,30/09/2021,Payment,01307,,"-50,000.00","1,747,611.52"
09,30/09/2021,Payment,01313,,"-75,000.00","1,672,611.52"
09,30/09/2021,Payment,01315,,"-15,000.00","1,657,611.52"
09,30/09/2021,Payment,01321,,"-50,000.00","1,607,611.52"
09,30/09/2021,Payment,01322,,"-50,000.00","1,557,611.52"
09,30/09/2021,Payment,01326,,"-15,000.00","1,542,611.52"
09,30/09/2021,Payment,01327,,"-25,000.00","1,517,611.52"
10,3/10/2021,Payment,01330,,"-10,000.00","1,507,611.52"
10,5/10/2021,Payment,01333,,"-10,000.00","1,497,611.52"
10,6/10/2021,Payment,01339,,"-10,000.00","1,487,611.52"
10,7/10/2021,Payment,01341,,"-10,000.00","1,477,611.52"
10,10/10/2021,Invoice,90253400,3746872,"66,654.00","1,544,265.52"
10,10/10/2021,Payment,01344,,"-20,000.00","1,524,265.52"
10,10/10/2021,Payment,01347,,"-30,000.00","1,494,265.52"
10,10/10/2021,Payment,01348,,"-48,000.00","1,446,265.52"
10,10/10/2021,Payment,01349,,"-49,000.00","1,397,265.52"
10,11/10/2021,Payment,01350,,"-20,000.00","1,377,265.52"
10,11/10/2021,Payment,01376,,"-10,000.00","1,367,265.52"
10,12/10/2021,Invoice,33036810,3753235,"15,229.05","1,382,494.57"
10,12/10/2021,Invoice,33036812,3753232,"30,577.57","1,413,072.14"
10,12/10/2021,Invoice,90253696,3753237,"6,123.29","1,419,195.43"
10,12/10/2021,Invoice,90253697,3753236,"1,460.50","1,420,655.93"
10,13/10/2021,Payment,01381,,"-10,000.00","1,410,655.93"
10,14/10/2021,Payment,01385,,"-10,000.00","1,400,655.93"
10,16/10/2021,Payment,01387,,"-10,000.00","1,390,655.93"
10,17/10/2021,Payment,01391,,"-10,000.00","1,380,655.93"
10,19/08/2021,Credit Memo,2016883,3743911,"-9,200.00","1,371,455.93"
10,18/10/2021,Payment,01397,,"-10,000.00","1,361,455.93"
10,19/10/2021,Invoice,33037698,3751063,"163,254.00","1,524,709.93"
10,19/10/2021,Invoice,33037799,3751055,"138,290.95","1,663,000.88"
10,19/10/2021,Invoice,33037800,3751055,"6,279.00","1,669,279.88"
10,19/10/2021,Payment,01400,,"-10,000.00","1,659,279.88"
10,20/10/2021,Credit Memo,2017244,3750879,-138,"1,659,141.88"
10,20/10/2021,Invoice,33037848,3750879,138,"1,659,279.88"
10,20/10/2021,Invoice,90255127,3751058,"67,233.60","1,726,513.48"
10,20/10/2021,Payment,01454,,"-10,000.00","1,716,513.48"
10,21/10/2021,Invoice,33038062,3746759,"143,520.00","1,860,033.48"
10,21/10/2021,Invoice,90255216,3751060,"77,567.50","1,937,600.98"
10,21/10/2021,Payment,01457,,"-10,000.00","1,927,600.98"
10,24/08/2021,Credit Memo,2017510,3739277,"-5,514.25","1,922,086.73"
10,24/10/2021,Payment,01461,,"-10,000.00","1,912,086.73"
10,25/10/2021,Invoice,33038543,3751061,"160,080.00","2,072,166.73"
10,25/10/2021,Payment,01465,,"-10,000.00","2,062,166.73"
10,25/10/2021,Payment,01470,,"-10,000.00","2,052,166.73"
10,26/10/2021,Invoice,90256157,3751056,"78,223.00","2,130,389.73"
10,27/10/2021,Payment,01475,,"-10,000.00","2,120,389.73"
10,21/08/2021,Credit Memo,2017955,3739309,"-7,653.25","2,112,736.48"
10,28/10/2021,Payment,01485,,"-20,000.00","2,092,736.48"
10,30/10/2021,Invoice,33039141,3746760,"138,000.05","2,230,736.53"
10,30/10/2021,Payment,01482,,"-45,000.00","2,185,736.53"
10,24/08/2021,Credit Memo,2018235,3739277,"-44,724.81","2,141,011.72"
10,31/10/2021,Payment,01500,,"-50,000.00","2,091,011.72"
10,31/10/2021,Payment,01501,,"-55,000.00","2,036,011.72"
10,31/10/2021,Payment,01502,,"-50,000.00","1,986,011.72"
10,31/10/2021,Payment,01506,,"-50,000.00","1,936,011.72"
10,31/10/2021,Payment,01507,,"-75,000.00","1,861,011.72"
10,31/10/2021,Payment,01509,,"-41,474.00","1,819,537.72"
11,2/11/2021,Invoice,90257070,3751059,"80,707.00","1,900,244.72"
11,5/11/2021,Payment,01515,,"-15,000.00","1,885,244.72"
11,7/11/2021,Payment,01517,,"-10,000.00","1,875,244.72"
11,30/08/2021,Credit Memo,2018727,3743912,"-7,431.88","1,867,812.84"
11,8/11/2021,Payment,01521,,"-46,000.00","1,821,812.84"
11,8/11/2021,Payment,01522,,"-10,000.00","1,811,812.84"
11,8/11/2021,Payment,01523,,"-29,000.00","1,782,812.84"
11,8/11/2021,Payment,01526,,"-25,000.00","1,757,812.84"
11,30/08/2021,Credit Memo,2018814,3743912,"-15,364.92","1,742,447.92"
11,30/08/2021,Credit Memo,2018847,3743912,"-21,732.13","1,720,715.79"
11,9/11/2021,Payment,01527,,"-10,000.00","1,710,715.79"
11,10/11/2021,Payment,01532,,"-10,000.00","1,700,715.79"
11,11/11/2021,Payment,01536,,"-10,000.00","1,690,715.79"
11,13/11/2021,Invoice,90258614,3757209,"68,392.80","1,759,108.59"
11,14/11/2021,Payment,01543,,"-10,000.00","1,749,108.59"
11,14/11/2021,Payment,01544,,"-10,000.00","1,739,108.59"
11,15/11/2021,Payment,01549,,"-10,000.00","1,729,108.59"
11,17/11/2021,Payment,01437,,"-10,000.00","1,719,108.59"
11,18/11/2021,Invoice,90259522,3757210,"68,392.80","1,787,501.39"
11,18/11/2021,Payment,01441,,"-10,000.00","1,777,501.39"
11,19/11/2021,Invoice,90259586,3757208,"68,392.80","1,845,894.19"
11,21/11/2021,Payment,01448,,"-20,000.00","1,825,894.19"
11,22/11/2021,Payment,55777,,"-10,000.00","1,815,894.19"
11,24/11/2021,Payment,55786,,"-10,000.00","1,805,894.19"
11,25/11/2021,Payment,55790,,"-10,000.00","1,795,894.19"
11,27/11/2021,Payment,55797,,"-10,000.00","1,785,894.19"
11,28/11/2021,Payment,55806,,"-15,000.00","1,770,894.19"
11,29/11/2021,Payment,55781,,"-20,000.00","1,750,894.19"
11,25/09/2021,Credit Memo,2020839,3746870,"-37,279.94","1,713,614.25"
11,30/11/2021,Payment,55816,,"-25,000.00","1,688,614.25"
11,30/11/2021,Payment,55817,,"-40,000.00","1,648,614.25"
11,30/11/2021,Payment,55818,,"-15,000.00","1,633,614.25"
11,30/11/2021,Payment,55819,,"-25,000.00","1,608,614.25"
11,30/11/2021,Payment,55820,,"-120,000.00","1,488,614.25"
12,2/12/2021,Invoice,33043061,3751062,"96,430.38","1,585,044.63"
12,2/12/2021,Invoice,33043062,3751062,"89,182.50","1,674,227.13"
12,2/12/2021,Payment,55823,,"-50,000.00","1,624,227.13"
12,2/12/2021,Payment,55824,,"-50,000.00","1,574,227.13"
12,5/12/2021,Payment,55825,,"-43,000.00","1,531,227.13"
12,5/12/2021,Payment,55876,,"-50,000.00","1,481,227.13"
12,5/12/2021,Payment,55877,,"-20,000.00","1,461,227.13"
12,5/12/2021,Payment,55878,,"-19,800.00","1,441,427.13"
12,5/12/2021,Payment,55879,,"-55,000.00","1,386,427.13"
12,5/12/2021,Payment,55880,,"-15,000.00","1,371,427.13"
12,7/12/2021,Invoice,90262190,3761143,"77,671.00","1,449,098.13"
12,7/12/2021,Payment,55881,,"-10,000.00","1,439,098.13"
12,19/10/2021,Credit Memo,2021278,3751055,"-15,155.16","1,423,942.97"
12,19/10/2021,Credit Memo,2021458,3751055,"-5,216.40","1,418,726.57"
12,12/12/2021,Payment,55883,,"-20,000.00","1,398,726.57"
12,13/12/2021,Payment,55884,,"-15,000.00","1,383,726.57"
12,13/12/2021,Payment,55885,,"-10,000.00","1,373,726.57"
12,14/12/2021,Payment,55888,,"-10,000.00","1,363,726.57"
12,15/12/2021,Payment,55891,,"-10,000.00","1,353,726.57"
12,16/12/2021,Payment,55894,,"-10,000.00","1,343,726.57"
12,2/12/2021,Credit Memo,2021634,3751062,-149.5,"1,343,577.07"
12,19/12/2021,Invoice,33045079,3763485,"81,177.88","1,424,754.95"
12,19/12/2021,Invoice,33045192,3763443,"216,027.50","1,640,782.45"
12,19/12/2021,Invoice,90263960,3761144,"78,223.00","1,719,005.45"
12,19/12/2021,Invoice,90263981,3761142,"78,200.00","1,797,205.45"
12,19/12/2021,Payment,55896,,"-15,000.00","1,782,205.45"
12,19/12/2021,Payment,55900,,"-14,488.00","1,767,717.45"
12,19/12/2021,Payment,55926,,"-14,000.00","1,753,717.45"
12,20/10/2021,Credit Memo,2021751,3751058,"-4,636.80","1,749,080.65"
12,20/10/2021,Credit Memo,2021795,3751058,"-4,636.80","1,744,443.85"
12,20/12/2021,Invoice,90264093,3763535,"68,972.40","1,813,416.25"
12,20/12/2021,Invoice,90264193,3763536,"68,972.40","1,882,388.65"
12,20/12/2021,Invoice,90264234,3751057,"67,233.60","1,949,622.25"
12,20/12/2021,Payment,55928,,"-10,000.00","1,939,622.25"
12,21/12/2021,Invoice,90264481,3763534,"68,972.40","2,008,594.65"
12,22/12/2021,Payment,55931,,"-10,000.00","1,998,594.65"
12,22/12/2021,Payment,55936,,"-10,000.00","1,988,594.65"
12,23/12/2021,Payment,55939,,"-10,000.00","1,978,594.65"
12,20/10/2021,Credit Memo,2022229,3751058,"-4,636.80","1,973,957.85"
12,26/12/2021,Payment,55948,,"-10,000.00","1,963,957.85"
12,26/12/2021,Payment,55978,,"-10,000.00","1,953,957.85"
12,20/10/2021,Credit Memo,2022342,3751058,"-5,216.40","1,948,741.45"
12,28/12/2021,Payment,55988,,"-30,000.00","1,918,741.45"
12,21/10/2021,Credit Memo,2022855,3746759,"-6,325.00","1,912,416.45"
12,29/12/2021,Payment,55989,,"-70,000.00","1,842,416.45"
12,29/12/2021,Payment,55993,,"-150,000.00","1,692,416.45"
12,25/10/2021,Credit Memo,2023805,3751061,"-15,649.20","1,676,767.25"
12,30/12/2021,Payment,55995,,"-20,000.00","1,656,767.25"
12,30/12/2021,Payment,55998,,"-15,000.00","1,641,767.25"
12,30/12/2021,Payment,56000,,"-105,000.00","1,536,767.25"
01,5/1/2022,Payment,55858,,"-75,000.00","1,461,767.25"
01,9/1/2022,Payment,55864,,"-20,000.00","1,441,767.25"
01,9/1/2022,Payment,55866,,"-10,000.00","1,431,767.25"
01,9/1/2022,Payment,55869,,"-20,000.00","1,411,767.25"
01,17/01/2022,Payment,11002,,"-25,000.00","1,386,767.25"
01,18/01/2022,Payment,11013,,"-10,000.00","1,376,767.25"
01,19/01/2022,Invoice,33048734,3769347,"78,616.30","1,455,383.55"
01,19/01/2022,Invoice,33048735,3769347,"102,660.50","1,558,044.05"
01,19/01/2022,Payment,11014,,"-10,000.00","1,548,044.05"
01,20/01/2022,Payment,11019,,"-10,000.00","1,538,044.05"
01,22/01/2022,Invoice,33049044,3767871,"207,029.33","1,745,073.38"
01,23/01/2022,Invoice,33049240,3767866,"182,988.00","1,928,061.38"
01,23/01/2022,Payment,11023,,"-20,000.00","1,908,061.38"
01,24/01/2022,Payment,11031,,"-10,000.00","1,898,061.38"
01,25/01/2022,Invoice,90269494,3767868,"79,591.50","1,977,652.88"
01,26/01/2022,Payment,11041,,"-25,000.00","1,952,652.88"
01,2/12/2021,Credit Memo,2025399,3751062,"-28,928.33","1,923,724.55"
01,30/01/2022,Payment,11049,,"-20,000.00","1,903,724.55"
01,30/01/2022,Payment,11079,,"-30,000.00","1,873,724.55"
01,2/12/2021,Credit Memo,2025763,3751062,"-9,273.60","1,864,450.95"
01,31/01/2022,Invoice,33050335,3771401,"10,203.10","1,874,654.05"
01,31/01/2022,Invoice,33050336,3771402,"6,802.02","1,881,456.07"
01,31/01/2022,Payment,11083,,"-400,000.00","1,481,456.07"
01,31/01/2022,Payment,11095,,"-10,000.00","1,471,456.07"
02,3/2/2022,Payment,11102,,"-10,000.00","1,461,456.07"
02,4/2/2022,Invoice,90271023,3767869,"80,707.00","1,542,163.07"
02,6/2/2022,Invoice,33051071,3775125,"38,354.23","1,580,517.30"
02,6/2/2022,Invoice,90271353,3775124,"31,750.47","1,612,267.77"
02,6/2/2022,Payment,11107,,"-20,000.00","1,592,267.77"
02,7/2/2022,Payment,11113,,"-10,000.00","1,582,267.77"
02,8/2/2022,Payment,11115,,"-53,400.00","1,528,867.77"
02,10/2/2022,Payment,11118,,"-10,000.00","1,518,867.77"
02,12/2/2022,Invoice,33051907,3776922,"15,180.00","1,534,047.77"
02,13/02/2022,Payment,11125,,"-20,000.00","1,514,047.77"
02,14/02/2022,Payment,11153,,"-10,000.00","1,504,047.77"
02,15/02/2022,Invoice,33052320,3777760,"42,230.30","1,546,278.07"
02,15/02/2022,Invoice,90272941,3777753,"6,729.34","1,553,007.41"
02,16/02/2022,Payment,11157,,"-10,000.00","1,543,007.41"
02,20/02/2022,Invoice,90273844,3775124,"6,555.00","1,549,562.41"
02,20/02/2022,Payment,11167,,"-20,000.00","1,529,562.41"
02,21/02/2022,Payment,11172,,"-10,000.00","1,519,562.41"
02,23/02/2022,Payment,11174,,"-10,000.00","1,509,562.41"
02,19/12/2021,Credit Memo,2027337,3763443,"-5,400.40","1,504,162.01"
02,24/02/2022,Payment,11175,,"-10,000.00","1,494,162.01"
02,26/02/2022,Invoice,90274887,3771180,"80,707.00","1,574,869.01"
02,27/02/2022,Invoice,33054333,3777708,"86,612.25","1,661,481.26"
02,27/02/2022,Invoice,33054334,3777708,"95,629.40","1,757,110.66"
02,27/02/2022,Invoice,33054359,3780796,"185,569.75","1,942,680.41"
02,27/02/2022,Invoice,90275126,3771181,"76,015.00","2,018,695.41"
02,27/02/2022,Payment,11181,,"-10,000.00","2,008,695.41"
02,27/02/2022,Payment,11184,,"-10,000.00","1,998,695.41"
02,19/12/2021,Credit Memo,2027606,3763443,"-18,979.03","1,979,716.38"
02,28/02/2022,Payment,11191,,"-40,000.00","1,939,716.38"
02,28/02/2022,Payment,11199,,"-114,500.00","1,825,216.38"
03,2/3/2022,Invoice,90275477,3777705,"68,392.80","1,893,609.18"
03,2/3/2022,Payment,11208,,"-75,000.00","1,818,609.18"
03,3/3/2022,Payment,11210,,"-100,000.00","1,718,609.18"
03,6/3/2022,Invoice,90276011,3767870,"74,635.00","1,793,244.18"
03,6/3/2022,Payment,11215,,"-100,000.00","1,693,244.18"
03,6/3/2022,Payment,11221,,"-10,000.00","1,683,244.18"
03,7/3/2022,Invoice,90276249,3777706,"68,392.80","1,751,636.98"
03,7/3/2022,Payment,03329,,"-20,000.00","1,731,636.98"
03,9/3/2022,Payment,03334,,"-10,000.00","1,721,636.98"
03,10/3/2022,Payment,03338,,"-10,000.00","1,711,636.98"
03,13/03/2022,Payment,03345,,"-20,000.00","1,691,636.98"
03,14/03/2022,Payment,03301,,"-10,000.00","1,681,636.98"
03,14/03/2022,Payment,03303,,"-100,000.00","1,581,636.98"
03,15/03/2022,Payment,03304,,"-90,000.00","1,491,636.98"
03,15/03/2022,Payment,03306,,"-10,000.00","1,481,636.98"
03,16/03/2022,Payment,03309,,"-10,000.00","1,471,636.98"
03,17/03/2022,Payment,03314,,"-10,000.00","1,461,636.98"
03,18/03/2022,Payment,03327,,"-75,000.00","1,386,636.98"
03,20/03/2022,Invoice,90278179,3785873,"69,552.00","1,456,188.98"
03,21/03/2022,Payment,11222,,"-50,000.00","1,406,188.98"
03,22/03/2022,Invoice,90278462,3781162,"80,707.00","1,486,895.98"
03,22/03/2022,Payment,01926,,"-150,000.00","1,336,895.98"
03,22/03/2022,Payment,01927,,"-20,000.00","1,316,895.98"
03,22/03/2022,Payment,03321,,"-20,000.00","1,296,895.98"
03,4/2/2022,Credit Memo,2028699,3767869,"-14,662.50","1,282,233.48"
03,4/2/2022,Credit Memo,2028737,3767869,"-17,250.00","1,264,983.48"
03,23/03/2022,Payment,01930,,"-20,000.00","1,244,983.48"
03,23/03/2022,Payment,01935,,"-207,893.00","1,037,090.48"
03,23/03/2022,Payment,01936,,"-45,000.00","992,090.48"
03,26/03/2022,Invoice,33058882,3784174,"249,819.10","1,241,909.58"
03,6/2/2022,Credit Memo,2028957,3775124,"-12,415.91","1,229,493.67"
03,29/03/2022,Invoice,33059485,3787353,"25,760.00","1,255,253.67"
03,29/03/2022,Invoice,33059486,3787353,"118,470.13","1,373,723.80"
03,29/03/2022,Invoice,33059487,3787353,"68,287.00","1,442,010.80"
03,29/03/2022,Invoice,33059539,3771401,"9,048.02","1,451,058.82"
03,29/03/2022,Invoice,33059540,3771402,"6,031.98","1,457,090.80"
03,29/03/2022,Invoice,90279754,3781165,"25,806.00","1,482,896.80"
03,29/03/2022,Invoice,90279755,3781165,"50,887.50","1,533,784.30"
03,30/03/2022,Payment,01901,,"-20,000.00","1,513,784.30"
03,30/03/2022,Payment,01946,,"-10,000.00","1,503,784.30"
03,31/03/2022,Payment,01907,,"-35,000.00","1,468,784.30"
04,2/4/2022,Invoice,90280082,3781163,"75,842.50","1,544,626.80"
04,2/4/2022,Invoice,90280083,3785870,"69,552.00","1,614,178.80"
04,3/4/2022,Invoice,90280139,3785874,"69,552.00","1,683,730.80"
04,3/4/2022,Invoice,90280168,3781164,"80,707.00","1,764,437.80"
04,5/4/2022,Payment,01916,,"-110,000.00","1,654,437.80"
04,6/4/2022,Invoice,90280610,3787354,"80,615.00","1,735,052.80"
04,10/4/2022,Invoice,33060689,3789948,"245,778.00","1,980,830.80"
04,11/4/2022,Payment,01924,,"-10,000.00","1,970,830.80"
04,12/4/2022,Payment,01876,,"-10,000.00","1,960,830.80"
04,13/04/2022,Invoice,33061310,3790535,"16,522.61","1,977,353.41"
04,13/04/2022,Invoice,33061311,3789817,"13,527.16","1,990,880.57"
04,13/04/2022,Invoice,90281436,3790538,"4,164.84","1,995,045.41"
04,13/04/2022,Invoice,90281440,3789900,"6,886.43","2,001,931.84"
04,13/04/2022,Payment,01879,,"-10,000.00","1,991,931.84"
04,14/04/2022,Payment,01878,,"-10,000.00","1,981,931.84"
04,2/3/2022,Credit Memo,2029982,3777705,"-1,897.50","1,980,034.34"
04,18/04/2022,Payment,01892,,"-20,000.00","1,960,034.34"
04,2/3/2022,Credit Memo,2030061,3777705,-349.6,"1,959,684.74"
04,21/04/2022,Payment,56004,,"-10,000.00","1,949,684.74"
04,25/04/2022,Payment,56012,,"-10,000.00","1,939,684.74"
04,2/3/2022,Credit Memo,2030501,3777705,"-5,796.00","1,933,888.74"
04,2/3/2022,Credit Memo,2030517,3777705,"-3,884.13","1,930,004.61"
04,26/04/2022,Payment,56010,,"-10,000.00","1,920,004.61"
04,26/04/2022,Payment,56011,,"-10,000.00","1,910,004.61"
04,2/3/2022,Credit Memo,2030790,3777705,"-17,307.50","1,892,697.11"
04,27/04/2022,Payment,56020,,"-10,000.00","1,882,697.11"
04,30/04/2022,Payment,56152,,"-10,000.00","1,872,697.11"
04,30/04/2022,Payment,56160,,"-10,000.00","1,862,697.11"
05,8/5/2022,Payment,56165,,"-10,000.00","1,852,697.11"
05,9/5/2022,Payment,56172,,"-10,000.00","1,842,697.11"
05,11/5/2022,Payment,56175,,"-10,000.00","1,832,697.11"
05,11/5/2022,Payment,56202,,"-90,000.00","1,742,697.11"
05,11/5/2022,Payment,56203,,"-46,000.00","1,696,697.11"
05,12/5/2022,Payment,56201,,"-94,000.00","1,602,697.11"
05,12/5/2022,Payment,56204,,"-60,000.00","1,542,697.11"
05,12/5/2022,Payment,56210,,"-10,000.00","1,532,697.11"
05,15/05/2022,Payment,56212,,"-10,000.00","1,522,697.11"
05,15/05/2022,Payment,56215,,"-10,000.00","1,512,697.11"
05,16/05/2022,Payment,56205,,"-110,000.00","1,402,697.11"
05,16/05/2022,Payment,56221,,"-10,000.00","1,392,697.11"
05,18/05/2022,Payment,20751,,"-10,000.00","1,382,697.11"
05,22/05/2022,Invoice,33065561,3789949,"224,779.58","1,607,476.69"
05,22/05/2022,Invoice,33065627,3789947,"223,293.20","1,830,769.89"
05,22/05/2022,Payment,20759,,"-10,000.00","1,820,769.89"
05,22/05/2022,Payment,20762,,"-10,000.00","1,810,769.89"
05,22/05/2022,Payment,20767,,"-17,000.00","1,793,769.89"
05,22/05/2022,Payment,27766,,"-18,000.00","1,775,769.89"
05,23/05/2022,Payment,20769,,"-10,000.00","1,765,769.89"
05,23/05/2022,Payment,20775,,"-14,500.00","1,751,269.89"
05,23/05/2022,Payment,20776,,"-18,000.00","1,733,269.89"
05,23/05/2022,Payment,20777,,"-18,500.00","1,714,769.89"
05,23/05/2022,Payment,20778,,"-19,000.00","1,695,769.89"
05,6/3/2022,Credit Memo,2031702,3767870,"-22,678.53","1,673,091.36"
05,24/05/2022,Payment,20779,,"-35,000.00","1,638,091.36"
05,24/05/2022,Payment,20784,,"-19,000.00","1,619,091.36"
05,24/05/2022,Payment,20785,,"-18,500.00","1,600,591.36"
05,24/05/2022,Payment,20786,,"-7,500.00","1,593,091.36"
05,24/05/2022,Payment,20787,,"-30,000.00","1,563,091.36"
05,6/3/2022,Credit Memo,2031863,3767870,"-11,829.19","1,551,262.17"
05,25/05/2022,Payment,20789,,"-10,000.00","1,541,262.17"
05,25/05/2022,Payment,20791,,"-30,000.00","1,511,262.17"
05,25/05/2022,Payment,20792,,"-12,000.00","1,499,262.17"
05,25/05/2022,Payment,20793,,"-18,000.00","1,481,262.17"
05,6/3/2022,Credit Memo,2031970,3767870,"-9,687.84","1,471,574.33"
05,26/05/2022,Payment,20794,,"-10,000.00","1,461,574.33"
05,29/05/2022,Invoice,33066632,3777707,"153,207.60","1,614,781.93"
05,30/05/2022,Payment,20810,,"-20,000.00","1,594,781.93"
05,31/05/2022,Payment,20828,,"-30,000.00","1,564,781.93"
06,6/6/2022,Payment,20830,,"-10,000.00","1,554,781.93"
06,7/6/2022,Payment,20833,,"-10,000.00","1,544,781.93"
06,9/6/2022,Payment,20836,,"-14,000.00","1,530,781.93"
06,9/6/2022,Payment,20837,,"-16,000.00","1,514,781.93"
06,14/06/2022,Payment,20838,,"-10,000.00","1,504,781.93"
06,7/3/2022,Credit Memo,2033039,3777706,"-4,636.80","1,500,145.13"
06,16/06/2022,Payment,20853,,"-10,000.00","1,490,145.13"
06,19/06/2022,Payment,20863,,"-10,000.00","1,480,145.13"
06,21/06/2022,Payment,20872,,"-10,000.00","1,470,145.13"
06,21/06/2022,Payment,20874,,"-17,000.00","1,453,145.13"
06,21/06/2022,Payment,20875,,"-13,000.00","1,440,145.13"
06,23/06/2022,Payment,20907,,"-10,000.00","1,430,145.13"
06,26/06/2022,Payment,20911,,"-10,000.00","1,420,145.13"
06,22/03/2022,Credit Memo,2033977,3781162,"-19,320.00","1,400,825.13"
06,27/06/2022,Payment,20919,,"-10,000.00","1,390,825.13"
06,2/4/2022,Credit Memo,2034153,3781163,"-15,378.47","1,375,446.66"
06,29/06/2022,Payment,20914,,"-12,000.00","1,363,446.66"
06,29/06/2022,Payment,20915,,"-8,000.00","1,355,446.66"
06,29/06/2022,Payment,20927,,"-19,900.00","1,335,546.66"
06,29/06/2022,Payment,20928,,"-19,500.00","1,316,046.66"
06,29/06/2022,Payment,20929,,"-50,000.00","1,266,046.66"
06,29/06/2022,Payment,20930,,"-16,000.00","1,250,046.66"
06,29/06/2022,Payment,20932,,"-15,000.00","1,235,046.66"
06,29/06/2022,Payment,20935,,"-14,000.00","1,221,046.66"
06,30/06/2022,Payment,20944,,"-80,000.00","1,141,046.66"
06,30/06/2022,Payment,20946,,"-25,000.00","1,116,046.66"
07,6/7/2022,Payment,20951,,"-30,000.00","1,086,046.66"
07,6/7/2022,Payment,20952,,"-20,000.00","1,066,046.66"
07,14/07/2022,Payment,20966,,"-20,000.00","1,046,046.66"
07,17/07/2022,Payment,20972,,"-10,000.00","1,036,046.66"
07,26/07/2022,Payment,20342,,"-10,000.00","1,026,046.66"
07,27/07/2022,Payment,20348,,"-10,000.00","1,016,046.66"
07,28/07/2022,Payment,20354,,"-10,000.00","1,006,046.66"
08,7/8/2022,Payment,20374,,"-45,000.00","961,046.66"
08,7/8/2022,Payment,20402,,"-120,000.00","841,046.66"
08,7/8/2022,Payment,20403,,"-30,000.00","811,046.66"
08,8/8/2022,Payment,20373,,"-50,000.00","761,046.66"
08,8/8/2022,Payment,20400,,"-20,000.00","741,046.66"
08,8/8/2022,Payment,20404,,"-40,000.00","701,046.66"
08,10/4/2022,Credit Memo,251814,3789948,-756.4,"700,290.26"
09,6/9/2022,Payment,17110,,"-30,000.00","670,290.26"
09,8/9/2022,Payment,17115,,"-30,000.00","640,290.26"
09,14/09/2022,Payment,21733,,"-32,000.00","608,290.26"
09,19/09/2022,Payment,21740,,"-99,000.00","509,290.26"
09,25/09/2022,Payment,21750,,"-70,000.00","439,290.26"
09,28/09/2022,Payment,20962,,"-30,000.00","409,290.26"
10,22/05/2022,Credit Memo,2039259,3789947,"-3,850.20","405,440.06"
10,4/10/2022,Payment,21610,,"-30,000.00","375,440.06"
10,5/10/2022,Payment,21611,,"-30,000.00","345,440.06"
10,9/10/2022,Payment,21619,,"-30,000.00","315,440.06"
10,12/10/2022,Payment,21651,,"-31,000.00","284,440.06"
10,21/10/2022,Payment,21662,,"-30,000.00","254,440.06"
10,26/10/2022,Payment,21673,,"-30,000.00","224,440.06"
11,3/11/2022,Payment,23267,,"-30,000.00","194,440.06"
11,7/11/2022,Payment,23271,,"-20,000.00","174,440.06"
11,7/11/2022,Payment,23272,,"-20,000.00","154,440.06"
11,12/11/2022,Payment,23277,,"-20,000.00","134,440.06"
11,12/11/2022,Payment,23279,,"-20,000.00","114,440.06"
11,12/11/2022,Payment,23282,,"-20,000.00","94,440.06"
11,12/11/2022,Payment,23283,,"-15,000.00","79,440.06"
11,15/11/2022,Payment,23294,,"-20,000.00","59,440.06"
11,21/11/2022,Payment,1507,,"-20,000.00","39,440.06"
11,21/11/2022,Payment,1508,,"-43,291.00","-3,850.94"
12,18/12/2022,Invoice,33094196,3859553,"118,672.21","114,821.27"
12,18/12/2022,Invoice,90315403,3859569,"91,425.00","206,246.27"
12,19/12/2022,Invoice,90315435,3859571,"91,903.40","298,149.67"
12,19/12/2022,Invoice,90315487,3860107,"5,522.88","303,672.55"
12,20/12/2022,Invoice,33094634,3859574,"244,954.66","548,627.21"
12,22/12/2022,Invoice,90315976,3859570,"71,290.80","619,918.01"
12,25/12/2022,Invoice,33095403,3860765,"29,325.00","649,243.01"
01,12/1/2023,Invoice,33097633,3868648,"6,555.00","655,798.01"
01,23/01/2023,Invoice,33099583,3870786,"10,432.80","666,230.81"
01,25/01/2023,Payment,2561,,"-6,555.00","659,675.81"
01,28/01/2023,Invoice,33100153,3871462,"54,905.87","714,581.68"
01,18/12/2022,Credit Memo,2046229,3859553,"-1,159.20","713,422.48"
01,18/12/2022,Credit Memo,2046265,3859553,"-16,154.05","697,268.43"
01,30/01/2023,Payment,2574,,"-10,500.00","686,768.43"
01,30/01/2023,Payment,2575,,"-50,000.00","636,768.43"
01,20/12/2022,Credit Memo,2046752,3859574,"-10,617.95","626,150.48"
01,20/12/2022,Credit Memo,259461,3859574,-210.45,"625,940.03"
01,31/01/2023,Payment,2585,,"-51,000.00","574,940.03"
02,28/01/2023,Credit Memo,2047410,3871462,-243.89,"574,696.14"
02,7/2/2023,Payment,02594,,"-20,000.00","554,696.14"
02,15/02/2023,Payment,10785,,"-106,000.00","448,696.14"
02,18/02/2023,Invoice,33103360,3880039,"120,500.95","569,197.09"
02,19/02/2023,Payment,10791,,"-100,000.00","469,197.09"
02,20/12/2022,Credit Memo,2049394,3859574,-138,"469,059.09"
03,9/3/2023,Payment,10930,,"-150,000.00","319,059.09"
03,9/3/2023,Payment,10931,,"-160,000.00","159,059.09"
03,12/3/2023,Invoice,90327644,3885746,"98,670.00","257,729.09"
03,13/03/2023,Invoice,90327741,3885751,"94,875.00","352,604.09"
03,14/03/2023,Invoice,33107567,3886554,"50,512.60","403,116.69"
03,28/01/2023,Credit Memo,2050447,3871462,"-1,188.92","401,927.77"
03,16/03/2023,Invoice,33107970,3887140,"50,292.12","452,219.89"
03,31/01/2022,Credit Memo,2050590,3771402,-65.83,"452,154.06"
03,29/03/2022,Credit Memo,2050591,3771401,"-2,883.96","449,270.10"
03,29/03/2022,Credit Memo,2050592,3771402,"-1,709.41","447,560.69"
03,20/03/2023,Invoice,33108372,3887050,"5,494.95","453,055.64"
03,22/03/2023,Payment,10955,,"-50,000.00","403,055.64"
03,22/03/2023,Payment,10969,,"-20,000.00","383,055.64"
03,22/03/2023,Payment,10970,,"-10,000.00","373,055.64"
03,23/03/2023,Invoice,33108995,3888319,"30,156.16","403,211.80"
03,23/03/2023,Invoice,33108996,3888321,"68,984.71","472,196.51"
03,28/03/2023,Invoice,33109740,3889034,"20,865.60","493,062.11"
03,18/02/2023,Credit Memo,2051943,3880039,-287.5,"492,774.61"
03,31/03/2023,Invoice,33110159,3885742,"224,990.55","717,765.16"
04,16/04/2023,Invoice,90332247,3885749,"93,736.50","811,501.66"
04,19/04/2023,Payment,10575,,"-50,000.00","761,501.66"
04,12/3/2023,Credit Memo,2053462,3885746,"-17,802.00","743,699.66"
04,14/03/2023,Credit Memo,2053957,3886554,"-8,640.32","735,059.34"
04,30/04/2023,Payment,10620,,"-30,000.00","705,059.34"
05,12/3/2023,Credit Memo,2055409,3885746,"-8,487.00","696,572.34"
06,13/06/2023,Payment,10652,,"-164,000.00","532,572.34"
06,13/03/2023,Credit Memo,2059466,3885751,"-1,629.26","530,943.08"
11,30/11/2023,Payment,23-1-798,,"-20,000.00","510,943.08"
12,16/03/2023,Credit Memo,2073434,3887140,"-1,702.58","509,240.50"
12,31/12/2023,Payment,23-10905,,"-10,000.00","499,240.50"
02,13/03/2023,Credit Memo,2077397,3885751,"-1,706.72","497,533.78"
02,29/02/2024,Payment,23-10387,,"-10,000.00","487,533.78"
